<?xml version="1.0" encoding="UTF-8"?><collection xmlns="http://www.loc.gov/MARC21/slim"><record><leader>00544nam--2200169-i-4500</leader><controlfield tag="001">000035734</controlfield><controlfield tag="002">20161230</controlfield><controlfield tag="005">20161230201040</controlfield><controlfield tag="008">060222s1000------------r-----000-0-eng-d</controlfield><datafield ind1=" " ind2=" " tag="040"><subfield code="a">IFIN-HH</subfield></datafield><datafield ind1=" " ind2=" " tag="080"><subfield code="a">537.635:539.143.43:539.124.143</subfield></datafield><datafield ind1="1" ind2=" " tag="100"><subfield code="a">Blinc, R</subfield></datafield><datafield ind1="1" ind2="0" tag="245"><subfield code="a">Magnetic resonance and relaxation</subfield><subfield code="b">Proceedings of the xivth colloque ampere ljubljana, 6-11 september 1966</subfield><subfield code="c">R. blinc (ed.)</subfield></datafield><datafield ind1=" " ind2=" " tag="260"><subfield code="a">Amsterdam</subfield><subfield code="b">North-holland Publishing Company</subfield><subfield code="c">1967</subfield></datafield><datafield ind1=" " ind2=" " tag="300"><subfield code="a">1241P</subfield></datafield><datafield ind1=" " ind2=" " tag="852"><subfield code="a">28505</subfield><subfield code="c">539.143.43</subfield></datafield><datafield ind1=" " ind2=" " tag="CAT"><subfield code="a">Sys</subfield><subfield code="c">20120503</subfield><subfield code="h">093405</subfield></datafield></record></collection>